<record xmlns="http://www.loc.gov/MARC21/slim" xmlns:xsi="http://www.w3.org/2001/XMLSchema-instance" xsi:schemaLocation="http://www.loc.gov/MARC21/slim http://www.loc.gov/standards/marcxml/schema/MARC21slim.xsd">

  <leader>01241nab a2200169   4500</leader>
  <controlfield tag="005">20160331141223.0</controlfield>
  <controlfield tag="008">160112b           f|||| |||| 00| 0 spa d</controlfield>
  <datafield tag="090" ind1=" " ind2=" ">
    <subfield code="a">REVIS 06.02.01</subfield>
  </datafield>
  <datafield ind1="1" ind2=" " tag="100">
    <subfield code="9">1289</subfield>
    <subfield code="a">Rivera Sánchez, Paola</subfield>
  </datafield>
  <datafield tag="245" ind1="1" ind2="0">
    <subfield code="a">Sexualidad de los niños, niñas y jóvenes con discapacidad /</subfield>
    <subfield code="c">Paola Rivera Sánchez</subfield>
  </datafield>
  <datafield tag="260" ind1=" " ind2=" ">
    <subfield code="a">San José, Costa Rica : </subfield>
    <subfield code="b">Editorial Universidad de Costa Rica,</subfield>
    <subfield code="c">2008</subfield>
  </datafield>
  <datafield ind2=" " ind1=" " tag="300">
    <subfield code="a">páginas 157-170</subfield>
  </datafield>
  <datafield tag="520" ind2=" " ind1=" ">
    <subfield code="a">El presente artículo es un acercamiento hacia la importancia de la vivencia de la sexualidad de los niños, niñas y jóvenes con discapacidad. Se pretende desmitificar las ideas presentes en torno a la temática de educación sexual en personas con discapacidad, así como brindar las herramientas necesarias para que se inicie la educación sexual de ellas desde edades tempranas, con el objetivo de formar hombres y mujeres capaces de sentirse independientes para poder vivir plenamente dentro de la sociedad; sin sentirse limitados por su condición física o mental</subfield>
  </datafield>
  <datafield tag="650" ind2="4" ind1="1">
    <subfield code="9">1</subfield>
    <subfield code="a">EDUCACIÓN</subfield>
  </datafield>
  <datafield tag="773" ind2=" " ind1="0">
    <subfield code="d">San José, Costa Rica : Editorial de la Universidad de Costa Rica, 1997-</subfield>
    <subfield code="o">R0396</subfield>
    <subfield code="t">EDUCACIÓN: Revista de la Universidad de Costa Rica</subfield>
    <subfield code="g">Vol.32, no.1 (2008)</subfield>
  </datafield>
  <datafield tag="942" ind1=" " ind2=" ">
    <subfield code="2">z</subfield>
    <subfield code="c">10</subfield>
  </datafield>
  <datafield tag="999" ind1=" " ind2=" ">
    <subfield code="c">3016</subfield>
    <subfield code="d">3016</subfield>
  </datafield>
</record>